@misc{google:1,
  author = {Google AI Blog},
  title = {Introducing the Open Images Dataset },
  howpublished = "\url{https://ai.googleblog.com/2016/09/introducing-open-images-dataset.html}",
  year = {2016}
}
@misc{google:2,
	author = {Google},
	title = {Announcing Open Images V5 and the ICCV 2019 Open Images Challenge},
	howpublished = "\url{https://storage.googleapis.com/openimages/web/2019-05-08-announcing-v5-and-challenge-2019.html}",
	month = {may},
	year = {2019}
}
@misc{kaggle,
	author = {Google Research},
	title = {Open Images 2019 - Object Detection},
	howpublished = "\url{https://www.kaggle.com/c/open-images-2019-object-detection/overview}",
	month = {jun},
	year = {2019}
}

@article{intro:1,
	author = {Xingyi Zhou, Jiacheng Zhuo, Philipp Krähenbühl},
	title = {Bottom-up Object Detection by Grouping Extreme and Center Points},
	month = {Jan},
	year = {2019},
	Note = "\url{https://arxiv.org/abs/1901.08043v3} and \url{https://paperswithcode.com/paper/bottom-up-object-detection-by-grouping}"
}
@article{intro:2,
	author = {Shu Liu, Lu Qi, Haifang Qin, Jianping Shi, Jiaya Jia},
	title = {Path Aggregation Network for Instance Segmentation},
	month = {Sep},
	year = {2018},
	Note = "\url{https://arxiv.org/abs/1803.01534v4} and \url{https://paperswithcode.com/paper/path-aggregation-network-for-instance}"
}
@article{intro:3,
	author = {Jingdong Wang, Ke Sun, Tianheng Cheng, Borui Jiang, Chaorui Deng, Yang Zhao, Dong Liu, Yadong Mu, Mingkui Tan, Xinggang Wang, Wenyu Liu, Bin Xiao},
	title = {Deep High-Resolution Representation Learning for Visual Recognition},
	month = {Aug},
	year = {2019},
	Note = "\url{https://arxiv.org/abs/1908.07919v1} and \url{https://paperswithcode.com/paper/190807919}"
}
@article{intro:4,
	author = {Yudong Liu, Yongtao Wang, Siwei Wang, TingTing Liang, Qijie Zhao, Zhi Tang, Haibin Ling},
	title = {CBNet: A Novel Composite Backbone Network Architecture for Object Detection},
	month = {Sep},
	year = {2019},
	Note = "\url{https://arxiv.org/abs/1901.08043v3} and \url{https://paperswithcode.com/paper/cbnet-a-novel-composite-backbone-network}"
}
@misc{datasets,
	author = {Google Research},
	title = {Open Images 2019 - Dataset Download - Object Detection track annotations Section},
	howpublished = "\url{https://storage.googleapis.com/openimages/web/challenge2019_downloads.html}",
}
@misc{map,
	author = {wikipedia},
	title = {Mean Average Precision},
	Note = "\url{https://en.wikipedia.org/wiki/Evaluation_measures_(information_retrieval)#Mean_average_precision}"
}
@misc{imgdataset,
	author = {Google Research},
	title = {Overview of Open Images V5},
	howpublished = "\url{https://storage.googleapis.com/openimages/web/factsfigures.html}",
}
@misc{cnns,
	author = {Raimi Karim},
	title = {Illustrated: 10 CNN Architectures},
	howpublished = "\url{https://towardsdatascience.com/illustrated-10-cnn-architectures-95d78ace614d}",
	month = {jul},
	year = {2019}
}
@article{resnet,
	author = {Kaiming He, Xiangyu Zhang, Shaoqing Ren, Jian Sun},
	title = {Deep Residual Learning for Image Recognition},
	month = {Dec},
	year = {2015},
	Note = "\url{https://arxiv.org/abs/1512.03385}"
}
@article{inception,
	author = {Christian Szegedy, Sergey Ioffe, Vincent Vanhoucke, Alex Alemi},
	title = {Inception-v4, Inception-ResNet and the Impact of Residual Connections on Learning},
	month = {Feb},
	year = {2016},
	Note = "\url{https://arxiv.org/abs/1602.07261}"
}
@article{xception,
	author = {François Chollet},
	title = {Xception: Deep Learning with Depthwise Separable Convolutions},
	month = {Oct},
	year = {2016},
	Note = "\url{https://arxiv.org/abs/1610.02357}"
}
@misc{leaderboard,
	author = {Leaderboard},
	title = {Leaderboard - Open Images 2019 - Object Detection},
	howpublished = "\url{https://www.kaggle.com/c/open-images-2019-object-detection/leaderboard}",
}
@misc{medium:1,
	author = {Jonathan Hui},
	title = {mAP (mean Average Precision) for Object Detection},
	howpublished = "\url{https://medium.com/@jonathan_hui/map-mean-average-precision-for-object-detection-45c121a31173}",
}
@misc{medium:2,
	author = {Ren Jie Tan},
	title = {Breaking Down Mean Average Precision (mAP)},
	howpublished = "\url{https://towardsdatascience.com/breaking-down-mean-average-precision-map-ae462f623a52#d439}",
}
@misc{pyimage,
	author = {Adrian Rosebrock},
	title = {Intersection over Union (IoU) for object detection},
	howpublished = "\url{https://www.pyimagesearch.com/2016/11/07/intersection-over-union-iou-for-object-detection/}",
}
@misc{eda,
	author = {Bruno de Almeida Silveira},
	title = {EDA - Object Detection - Open Images v5},
	howpublished = "\url{http://htmlpreview.github.io/?https://github.com/BAlmeidaS/capstone-udacity-mle/blob/master/EDA.html}",
}
@article{cnn:1,
	author = {Farhana Sultana, A. Sufian, Paramartha Dutta},
	title = {Advancements in Image Classification using Convolutional Neural Network},
	month = {May},
	year = {2019},
	Note = "\url{https://arxiv.org/pdf/1905.03288.pdf}"
}
@article{AlexNet,
	author = {Alex Krizhevsky, Ilya Sutskever, Geoffrey E. Hinton},
	title = {ImageNet Classification with Deep ConvolutionalNeural Networks},
	year = {2012},
	Note = "\url{https://arxiv.org/pdf/1905.03288.pdf}"
}
@article{vgg,
	author = {Karen Simonyan, Andrew Zisserman},
	title = {Very Deep Convolutional Networks Ffor Large-Scale Image Recognition},
	month = {Apr},
	year = {2015},
	Note = "\url{https://arxiv.org/pdf/1409.1556.pdf}"
}
@article{resnet,
	author = {Kaiming He, Xiangyu Zhang. Shaoqing Ren, Jian Sun},
	title = {Deep Residual Learning for Image Recognition},
	month = {Dec},
	year = {2015},
	Note = "\url{https://arxiv.org/pdf/1512.03385.pdf}"
}
@article{inception,
	author = {Christian Szegedy, Wei Liu, Yangqing Jia, Pierre Sermanet, Scott Reed, Dragomir Anguelov, Dumitru Erhan, Vincent Vanhoucke, Andrew Rabinovich},
	title = {Going deeper with convolutions},
	month = {Sep},
	year = {2014},
	Note = "\url{https://arxiv.org/pdf/1409.4842.pdf}"
}
@article{transfer-learning:1,
	author = {Yunhun Jang, Hankook Lee, Sung Ju Hwang, Jinwoo Shin},
	title = {Learning What and Where to Transfer},
	month = {May},
	year = {2019},
	Note = "\url{https://arxiv.org/pdf/1905.05901v1.pdf}"
}
@article{transfer-learning:2,
	author = {Jason Yosinski, Jeff Clune, Yoshua Bengio, Hod Lipson},
	title = {How transferable are features in deep neuralnetworks?},
	month = {Nov},
	year = {2014},
	Note = "\url{https://papers.nips.cc/paper/5347-how-transferable-are-features-in-deep-neural-networks.pdf}"
}